@inproceedings{dv17,
  author    = {Loris D'Antoni and
               Margus Veanes},
  editor    = {Rupak Majumdar and
               Viktor Kuncak},
  title     = {The Power of Symbolic Automata and Transducers},
  booktitle = {Computer Aided Verification - 29th International Conference, {CAV}
               2017, Heidelberg, Germany, July 24-28, 2017, Proceedings, Part {I}},
  series    = {Lecture Notes in Computer Science},
  volume    = {10426},
  pages     = {47--67},
  publisher = {Springer},
  year      = {2017},
  url       = {https://doi.org/10.1007/978-3-319-63387-9\_3},
  doi       = {10.1007/978-3-319-63387-9\_3},
  timestamp = {Tue, 14 May 2019 10:00:43 +0200},
  biburl    = {https://dblp.org/rec/conf/cav/DAntoniV17.bib},
  bibsource = {dblp computer science bibliography, https://dblp.org}
}

@inproceedings{dr10,
  author    = {Laurent Doyen and
               Jean-Fran{\c{c}}ois Raskin},
  editor    = {Javier Esparza and
               Rupak Majumdar},
  title     = {Antichain Algorithms for Finite Automata},
  booktitle = {Tools and Algorithms for the Construction and Analysis of Systems,
               16th International Conference, {TACAS} 2010, Held as Part of the Joint
               European Conferences on Theory and Practice of Software, {ETAPS} 2010,
               Paphos, Cyprus, March 20-28, 2010. Proceedings},
  series    = {Lecture Notes in Computer Science},
  volume    = {6015},
  pages     = {2--22},
  publisher = {Springer},
  year      = {2010},
  url       = {https://doi.org/10.1007/978-3-642-12002-2\_2},
  doi       = {10.1007/978-3-642-12002-2\_2},
  timestamp = {Tue, 14 May 2019 10:00:53 +0200},
  biburl    = {https://dblp.org/rec/conf/tacas/DoyenR10.bib},
  bibsource = {dblp computer science bibliography, https://dblp.org}
}
@article{piterman07,
  author    = {Nir Piterman},
  title     = {From Nondeterministic {B}{\"{u}}chi and {S}treett Automata to Deterministic
               Parity Automata},
  journal   = {Log. Methods Comput. Sci.},
  volume    = {3},
  number    = {3},
  year      = {2007},
  url       = {https://doi.org/10.2168/LMCS-3(3:5)2007},
  doi       = {10.2168/LMCS-3(3:5)2007},
  timestamp = {Thu, 25 Jun 2020 21:32:08 +0200},
  biburl    = {https://dblp.org/rec/journals/lmcs/Piterman07.bib},
  bibsource = {dblp computer science bibliography, https://dblp.org}
}
@inproceedings{safra88,
  author    = {Shmuel Safra},
  title     = {On the Complexity of omega-Automata},
  booktitle = {29th Annual Symposium on Foundations of Computer Science, White Plains,
               New York, USA, 24-26 October 1988},
  pages     = {319--327},
  publisher = {{IEEE} Computer Society},
  year      = {1988},
  url       = {https://doi.org/10.1109/SFCS.1988.21948},
  doi       = {10.1109/SFCS.1988.21948},
  timestamp = {Wed, 16 Oct 2019 14:14:54 +0200},
  biburl    = {https://dblp.org/rec/conf/focs/Safra88.bib},
  bibsource = {dblp computer science bibliography, https://dblp.org}
}
@inproceedings{tlsf-1.1,
  author    = {Swen Jacobs and
               Felix Klein and
               Sebastian Schirmer},
  editor    = {Ruzica Piskac and
               Rayna Dimitrova},
  title     = {A High-Level {LTL} Synthesis Format: {TLSF} v1.1},
  booktitle = {SYNT@CAV},
  series    = {{EPTCS}},
  volume    = {229},
  pages     = {112--132},
  year      = {2016},
  url       = {https://doi.org/10.4204/EPTCS.229.10},
  doi       = {10.4204/EPTCS.229.10},
  timestamp = {Wed, 03 May 2017 14:47:58 +0200},
  biburl    = {http://dblp.org/rec/bib/journals/corr/Jacobs016},
  bibsource = {dblp computer science bibliography, http://dblp.org}
}
@article{martin75,
    title={{B}orel determinacy},
    author={Martin, Donald A},
    journal={The annals of Mathematics},
    volume={102},
    number={2},
    pages={363--371},
    year={1975},
    publisher={JSTOR}
}
@book{ag11,
    title={Lectures in game theory for computer scientists},
    author={Apt, Krzysztof R and Gr{\"a}del, Erich},
    year={2011},
    publisher={Cambridge University Press}
}
@inproceedings{acacia0,
  author    = {Emmanuel Filiot and
               Naiyong Jin and
               Jean-Fran{\c{c}}ois Raskin},
  editor    = {Ahmed Bouajjani and
               Oded Maler},
  title     = {An Antichain Algorithm for {LTL} Realizability},
  booktitle = {Computer Aided Verification, 21st International Conference, {CAV}
               2009, Grenoble, France, June 26 - July 2, 2009. Proceedings},
  series    = {Lecture Notes in Computer Science},
  volume    = {5643},
  pages     = {263--277},
  publisher = {Springer},
  year      = {2009},
  url       = {https://doi.org/10.1007/978-3-642-02658-4\_22},
  doi       = {10.1007/978-3-642-02658-4\_22},
  timestamp = {Tue, 14 May 2019 10:00:43 +0200},
  biburl    = {https://dblp.org/rec/conf/cav/FiliotJR09.bib},
  bibsource = {dblp computer science bibliography, https://dblp.org}
}
@inproceedings{acacia,
    author    = {Aaron Bohy and
    V{\'{e}}ronique Bruy{\`{e}}re and
    Emmanuel Filiot and
    Naiyong Jin and
    Jean-Fran{\c{c}}ois Raskin},
    title     = {Acacia+, a Tool for {LTL} Synthesis},
    booktitle = {{CAV}},
    series    = {{LNCS}},
    volume    = {7358},
    pages     = {652--657},
    publisher = {Springer},
    year      = {2012}
}
