@inproceedings{tlsf-1.1,
  author    = {Swen Jacobs and
               Felix Klein and
               Sebastian Schirmer},
  editor    = {Ruzica Piskac and
               Rayna Dimitrova},
  title     = {A High-Level {LTL} Synthesis Format: {TLSF} v1.1},
  booktitle = {SYNT@CAV},
  series    = {{EPTCS}},
  volume    = {229},
  pages     = {112--132},
  year      = {2016},
  url       = {https://doi.org/10.4204/EPTCS.229.10},
  doi       = {10.4204/EPTCS.229.10},
  timestamp = {Wed, 03 May 2017 14:47:58 +0200},
  biburl    = {http://dblp.org/rec/bib/journals/corr/Jacobs016},
  bibsource = {dblp computer science bibliography, http://dblp.org}
}
@article{martin75,
    title={Borel determinacy},
    author={Martin, Donald A},
    journal={The annals of Mathematics},
    volume={102},
    number={2},
    pages={363--371},
    year={1975},
    publisher={JSTOR}
}
@inproceedings{safra92,
    author              = {Shmuel Safra},
    title               = {Exponential Determinization for omega-Automata
    with Strong-Fairness Acceptance Condition (Extended Abstract)},
    booktitle           = {STOC},
    year                = {1992},
    pages               = {275-282},
    doi                 = {10.1145/129712.129739},
}
@article{piterman07,
    author    = {Nir Piterman},
    title     = {From Nondeterministic {B}{\"u}chi and {S}treett Automata to
    Deterministic Parity Automata},
    journal   = {LMCS},
    volume    = {3},
    number    = {3},
    year      = {2007},
    doi       = {10.2168/LMCS-3(3:5)2007},
}
@book{ag11,
    title={Lectures in game theory for computer scientists},
    author={Apt, Krzysztof R and Gr{\"a}del, Erich},
    year={2011},
    publisher={Cambridge University Press}
}
@inproceedings{acacia,
    author    = {Aaron Bohy and
    V{\'{e}}ronique Bruy{\`{e}}re and
    Emmanuel Filiot and
    Naiyong Jin and
    Jean-Fran{\c{c}}ois Raskin},
    title     = {Acacia+, a Tool for {LTL} Synthesis},
    booktitle = {{CAV}},
    series    = {{LNCS}},
    volume    = {7358},
    pages     = {652--657},
    publisher = {Springer},
    year      = {2012}
}
